@ARTICLE{Wagstaff2016,
       author = {{Wagstaff}, Kiri L. and {Tang}, Benyang and {Thompson}, David R. and
        {Khudikyan}, Shakeh and {Wyngaard}, Jane and {Deller}, Adam T.
        and {Palaniswamy}, Divya and {Tingay}, Steven J. and {Wayth},
        Randall B.},
        title = "{A Machine Learning Classifier for Fast Radio Burst Detection at the VLBA}",
      journal = {\pasp},
     keywords = {Astrophysics - Instrumentation and Methods for Astrophysics},
         year = 2016,
        month = Aug,
       volume = {128},
        pages = {084503},
          doi = {10.1088/1538-3873/128/966/084503},
       adsurl = {https://ui.adsabs.harvard.edu/#abs/2016PASP..128h4503W},
      adsnote = {Provided by the SAO/NASA Astrophysics Data System}
}

@ARTICLE{Connor2018,
       author = {{Connor}, Liam and {van Leeuwen}, Joeri},
        title = "{Applying Deep Learning to Fast Radio Burst Classification}",
      journal = {ArXiv e-prints},
     keywords = {Astrophysics - Instrumentation and Methods for Astrophysics,
        Astrophysics - High Energy Astrophysical Phenomena},
         year = 2018,
        month = Mar,
archivePrefix = {arXiv},
       eprint = {1803.03084},
       adsurl = {https://ui.adsabs.harvard.edu/#abs/2018arXiv180303084C},
      adsnote = {Provided by the SAO/NASA Astrophysics Data System}
}

@ARTICLE{Farah2018,
       author = {{Farah}, W. and {Flynn}, C. and {Bailes}, M. and {Jameson}, A. and
        {Bannister}, K.~W. and {Barr}, E.~D. and {Bateman}, T. and
        {Bhandari}, S. and {Caleb}, M. and {Campbell-Wilson}, D. and
        {Chang}, S. -W. and {Deller}, A. and {Green}, A.~J. and
        {Hunstead}, R. and {Jankowski}, F. and {Keane}, E. and
        {Macquart}, J. -P. and {M{\"o}ller}, A. and {Onken}, C.~A. and
        {Os{\l}owski}, S. and {Parthasarathy}, A. and {Plant}, K. and
        {Ravi}, V. and {Shannon}, R.~M. and {Tucker}, B.~E. and
        {Venkatraman Krishnan}, V. and {Wolf}, C.},
        title = "{FRB microstructure revealed by the real-time detection of FRB170827}",
      journal = {ArXiv e-prints},
     keywords = {Astrophysics - High Energy Astrophysical Phenomena},
         year = 2018,
        month = Mar,
archivePrefix = {arXiv},
       eprint = {1803.05697},
       adsurl = {https://ui.adsabs.harvard.edu/#abs/2018arXiv180305697F},
      adsnote = {Provided by the SAO/NASA Astrophysics Data System}
}




@ARTICLE{Chime2018,
       author = {{The CHIME/FRB Collaboration} and {:} and {Amiri}, M. and {Bandura}, K.
        and {Berger}, P. and {Bhardwaj}, M. and {Boyce}, M.~M. and
        {Boyle}, P.~J. and {Brar}, C. and {Burhanpurkar}, M. and
        {Chawla}, P. and {Chowdhury}, J. and {Cliche}, J.~F. and
        {Cranmer}, M.~D. and {Cubranic}, D. and {Deng}, M. and {Denman},
        N. and {Dobbs}, M. and {Fandino}, M. and {Fonseca}, E. and
        {Gaensler}, B.~M. and {Giri}, U. and {Gilbert}, A.~J. and
        {Good}, D.~C. and {Guliani}, S. and {Halpern}, M. and {Hinshaw},
        G. and {Hofer}, C. and {Josephy}, A. and {Kaspi}, V.~M. and
        {Landecker}, T.~L. and {Lang}, D. and {Liao}, H. and {Masui},
        K.~W. and {Mena-Parra}, J. and {Naidu}, A. and {Newburgh}, L.~B.
        and {Ng}, C. and {Patel}, C. and {Pen}, U. -L and {Pinsonneault-
        Marotte}, T. and {Pleunis}, Z. and {Rafiei Ravandi}, M. and
        {Ransom}, S.~M. and {Renard}, A. and {Scholz}, P. and
        {Sigurdson}, K and {Siegel}, S.~R. and {Smith}, K.~M. and
        {Stairs}, I.~H. and {Tendulkar}, S.~P. and {Vanderlinde}, K. and
        {Wiebe}, D.~V.},
        title = "{The CHIME Fast Radio Burst Project: System Overview}",
      journal = {ArXiv e-prints},
     keywords = {Astrophysics - Instrumentation and Methods for Astrophysics},
         year = 2018,
        month = Mar,
archivePrefix = {arXiv},
       eprint = {1803.11235},
       adsurl = {https://ui.adsabs.harvard.edu/#abs/2018arXiv180311235T},
      adsnote = {Provided by the SAO/NASA Astrophysics Data System}
}


@article{Barsdell2012,
author = {Barsdell, B R and Bailes, M and Barnes, D G and Fluke, C J},
title = {{Accelerating incoherent dedispersion}},
journal = {\mnras},
year = {2012},
volume = {422},
number = {1},
pages = {379--392},
doi = {10.1111/j.1365-2966.2012.20622.x},
adsurl = {http://adsabs.harvard.edu/cgi-bin/nph-data_query?bibcode=2012MNRAS.422..379B&link_type=ABSTRACT}
}

@ARTICLE{Bannister2017,
       author = {{Bannister}, K.~W. and {Shannon}, R.~M. and {Macquart}, J. -P. and
        {Flynn}, C. and {Edwards}, P.~G. and {O'Neill}, M. and
        {Os{\l}owski}, S. and {Bailes}, M. and {Zackay}, B. and
        {Clarke}, N. and {D'Addario}, L.~R. and {Dodson}, R. and {Hall},
        P.~J. and {Jameson}, A. and {Jones}, D. and {Navarro}, R. and
        {Trinh}, J.~T. and {Allison}, J. and {Anderson}, C.~S. and
        {Bell}, M. and {Chippendale}, A.~P. and {Collier}, J.~D. and
        {Heald}, G. and {Heywood}, I. and {Hotan}, A.~W. and {Lee-
        Waddell}, K. and {Madrid}, J.~P. and {Marvil}, J. and
        {McConnell}, D. and {Popping}, A. and {Voronkov}, M.~A. and
        {Whiting}, M.~T. and {Allen}, G.~R. and {Bock}, D.~C. -J. and
        {Brodrick}, D.~P. and {Cooray}, F. and {DeBoer}, D.~R. and
        {Diamond}, P.~J. and {Ekers}, R. and {Gough}, R.~G. and
        {Hampson}, G.~A. and {Harvey-Smith}, L. and {Hay}, S.~G. and
        {Hayman}, D.~B. and {Jackson}, C.~A. and {Johnston}, S. and
        {Koribalski}, B.~S. and {McClure-Griffiths}, N.~M. and
        {Mirtschin}, P. and {Ng}, A. and {Norris}, R.~P. and {Pearce},
        S.~E. and {Phillips}, C.~J. and {Roxby}, D.~N. and {Troup},
        E.~R. and {Westmeier}, T.},
        title = "{The Detection of an Extremely Bright Fast Radio Burst in a Phased Array
        Feed Survey}",
      journal = {\apj},
     keywords = {instrumentation: interferometers, methods: data analysis, radiation
        mechanisms: non-thermal, surveys, Astrophysics - High Energy
        Astrophysical Phenomena},
         year = 2017,
        month = May,
       volume = {841},
          doi = {10.3847/2041-8213/aa71ff},
       adsurl = {https://ui.adsabs.harvard.edu/#abs/2017ApJ...841L..12B},
      adsnote = {Provided by the SAO/NASA Astrophysics Data System}
}



@techreport{GALFAbeam,
    author    = {{Heiles}, C.},
    title     = "{Accurate Parametric Representation of ALFA Main Beams and
    First Sidelobes, 1344-1444 MHz}",
    institution = "GALFA",
    number   = "2004-11",
    year      = "2004",
    month    = "12",
    note     = "http://www.astro.cornell.edu/~haynes/pre204/docs/heiles_beams.pdf",
}

@article{ROSCH1976382,
title = "Basic objects in natural categories",
journal = "Cognitive Psychology",
volume = "8",
number = "3",
pages = "382 - 439",
year = "1976",
issn = "0010-0285",
doi = "https://doi.org/10.1016/0010-0285(76)90013-X",
url = "http://www.sciencedirect.com/science/article/pii/001002857690013X",
author = "Eleanor Rosch and Carolyn B Mervis and Wayne D Gray and David M
Johnson and Penny Boyes-Braem"
}

@ARTICLE{2002astro.ph..7156C,
   author = {{Cordes}, J.~M. and {Lazio}, T.~J.~W.},
    title = "{NE2001.I. A New Model for the Galactic Distribution of Free Electrons and its Fluctuations}",
  journal = {ArXiv Astrophysics e-prints},
   eprint = {astro-ph/0207156},
 keywords = {Astrophysics},
     year = 2002,
    month = jul,
   adsurl = {http://adsabs.harvard.edu/abs/2002astro.ph..7156C},
  adsnote = {Provided by the SAO/NASA Astrophysics Data System}
}

@BOOK{2004hpa..book.....L,
   author = {{Lorimer}, D.~R. and {Kramer}, M.},
    title = "{Handbook of Pulsar Astronomy}",
booktitle = {Handbook of pulsar astronomy, by D.R.~Lorimer and M.~Kramer.~Cambridge observing handbooks for research astronomers, Vol.~4.~Cambridge, UK: Cambridge University Press, 2004},
     year = 2004,
    month = dec,
   adsurl = {http://adsabs.harvard.edu/abs/2004hpa..book.....L},
  adsnote = {Provided by the SAO/NASA Astrophysics Data System}
}

@ARTICLE{2006MNRAS.371.1617A,
   author = {{Auld}, R. and {Minchin}, R.~F. and {Davies}, J.~I. and {Catinella}, B. and 
	{van Driel}, W. and {Henning}, P.~A. and {Linder}, S. and {Momjian}, E. and 
	{Muller}, E. and {O'Neil}, K. and {Sabatini}, S. and {Schneider}, S. and 
	{Bothun}, G. and {Cortese}, L. and {Disney}, M. and {Hoffman}, G.~L. and 
	{Putman}, M. and {Rosenberg}, J.~L. and {Baes}, M. and {de Blok}, W.~J.~G. and 
	{Boselli}, A. and {Brinks}, E. and {Brosch}, N. and {Irwin}, J. and 
	{Karachentsev}, I.~D. and {Kilborn}, V.~A. and {Koribalski}, B. and 
	{Spekkens}, K.},
    title = "{The Arecibo Galaxy Environment Survey: precursor observations of the NGC 628 group}",
  journal = {\mnras},
   eprint = {astro-ph/0607452},
 keywords = {surveys: Galaxy: evolution: galaxies: fundamental parameters: galaxies: luminosity function, mass function: galaxies: structure, surveys, Galaxy: evolution, galaxies: fundamental parameters, galaxies: luminosity function, mass function, galaxies: structure},
     year = 2006,
    month = oct,
   volume = 371,
    pages = {1617-1640},
      doi = {10.1111/j.1365-2966.2006.10761.x},
   adsurl = {http://adsabs.harvard.edu/abs/2006MNRAS.371.1617A},
  adsnote = {Provided by the SAO/NASA Astrophysics Data System}
}

@ARTICLE{2006ApJ...637..446C,
   author = {{Cordes}, J.~M. and {Freire}, P.~C.~C. and {Lorimer}, D.~R. and 
	{Camilo}, F. and {Champion}, D.~J. and {Nice}, D.~J. and {Ramachandran}, R. and 
	{Hessels}, J.~W.~T. and {Vlemmings}, W. and {van Leeuwen}, J. and 
	{Ransom}, S.~M. and {Bhat}, N.~D.~R. and {Arzoumanian}, Z. and 
	{McLaughlin}, M.~A. and {Kaspi}, V.~M. and {Kasian}, L. and 
	{Deneva}, J.~S. and {Reid}, B. and {Chatterjee}, S. and {Han}, J.~L. and 
	{Backer}, D.~C. and {Stairs}, I.~H. and {Deshpande}, A.~A. and 
	{Faucher-Gigu{\`e}re}, C.-A.},
    title = "{Arecibo Pulsar Survey Using ALFA. I. Survey Strategy and First Discoveries}",
  journal = {\apj},
   eprint = {astro-ph/0509732},
 keywords = {Stars: Pulsars: General, pulsars: individual (PSR J0628+09), pulsars: individual (PSR J1906+07), pulsars: individual (PSR J1928+1746), Surveys},
     year = 2006,
    month = jan,
   volume = 637,
    pages = {446-455},
      doi = {10.1086/498335},
   adsurl = {http://adsabs.harvard.edu/abs/2006ApJ...637..446C},
  adsnote = {Provided by the SAO/NASA Astrophysics Data System}
}

@ARTICLE{2006ApJ...649..235M,
   author = {{Manchester}, R.~N. and {Fan}, G. and {Lyne}, A.~G. and {Kaspi}, V.~M. and 
	{Crawford}, F.},
    title = "{Discovery of 14 Radio Pulsars in a Survey of the Magellanic Clouds}",
  journal = {\apj},
   eprint = {astro-ph/0604421},
 keywords = {Galaxies: Magellanic Clouds, Stars: Pulsars: General, Surveys},
     year = 2006,
    month = sep,
   volume = 649,
    pages = {235-242},
      doi = {10.1086/505461},
   adsurl = {http://adsabs.harvard.edu/abs/2006ApJ...649..235M},
  adsnote = {Provided by the SAO/NASA Astrophysics Data System}
}

@ARTICLE{2007Sci...318..777L,
   author = {{Lorimer}, D.~R. and {Bailes}, M. and {McLaughlin}, M.~A. and 
	{Narkevic}, D.~J. and {Crawford}, F.},
    title = "{A Bright Millisecond Radio Burst of Extragalactic Origin}",
  journal = {Science},
archivePrefix = "arXiv",
   eprint = {0709.4301},
     year = 2007,
    month = nov,
   volume = 318,
    pages = {777},
      doi = {10.1126/science.1147532},
   adsurl = {http://adsabs.harvard.edu/abs/2007Sci...318..777L},
  adsnote = {Provided by the SAO/NASA Astrophysics Data System}
}

@ARTICLE{2009MNRAS.395..410E,
   author = {{Eatough}, R.~P. and {Keane}, E.~F. and {Lyne}, A.~G.},
    title = "{An interference removal technique for radio pulsar searches}",
  journal = {\mnras},
archivePrefix = "arXiv",
   eprint = {0901.3993},
 primaryClass = "astro-ph.GA",
 keywords = {methods: data analysis , stars: neutron , pulsars: general},
     year = 2009,
    month = may,
   volume = 395,
    pages = {410-415},
      doi = {10.1111/j.1365-2966.2009.14524.x},
   adsurl = {http://adsabs.harvard.edu/abs/2009MNRAS.395..410E},
  adsnote = {Provided by the SAO/NASA Astrophysics Data System}
}

@ARTICLE{2011ApJ...727...18B,
   author = {{Burke-Spolaor}, S. and {Bailes}, M. and {Ekers}, R. and {Macquart}, J.-P. and 
	{Crawford}, III, F.},
    title = "{Radio Bursts with Extragalactic Spectral Characteristics Show Terrestrial Origins}",
  journal = {\apj},
archivePrefix = "arXiv",
   eprint = {1009.5392},
 keywords = {atmospheric effects, plasmas, pulsars: general, radio continuum: general},
     year = 2011,
    month = jan,
   volume = 727,
      eid = {18},
    pages = {18},
      doi = {10.1088/0004-637X/727/1/18},
   adsurl = {http://adsabs.harvard.edu/abs/2011ApJ...727...18B},
  adsnote = {Provided by the SAO/NASA Astrophysics Data System}
}

@ARTICLE{2012ApJ...744..109S,
   author = {{Siemion}, A.~P.~V. and {Bower}, G.~C. and {Foster}, G. and 
	{McMahon}, P.~L. and {Wagner}, M.~I. and {Werthimer}, D. and 
	{Backer}, D. and {Cordes}, J. and {van Leeuwen}, J.},
    title = "{The Allen Telescope Array Fly's Eye Survey for Fast Radio Transients}",
  journal = {\apj},
archivePrefix = "arXiv",
   eprint = {1109.2659},
 primaryClass = "astro-ph.HE",
 keywords = {instrumentation: detectors, intergalactic medium, methods: data analysis, pulsars: general, radio continuum: general},
     year = 2012,
    month = jan,
   volume = 744,
      eid = {109},
    pages = {109},
      doi = {10.1088/0004-637X/744/2/109},
   adsurl = {http://adsabs.harvard.edu/abs/2012ApJ...744..109S},
  adsnote = {Provided by the SAO/NASA Astrophysics Data System}
}

@ARTICLE{2013Sci...341...53T,
   author = {{Thornton}, D. and {Stappers}, B. and {Bailes}, M. and {Barsdell}, B. and 
	{Bates}, S. and {Bhat}, N.~D.~R. and {Burgay}, M. and {Burke-Spolaor}, S. and 
	{Champion}, D.~J. and {Coster}, P. and {D'Amico}, N. and {Jameson}, A. and 
	{Johnston}, S. and {Keith}, M. and {Kramer}, M. and {Levin}, L. and 
	{Milia}, S. and {Ng}, C. and {Possenti}, A. and {van Straten}, W.
	},
    title = "{A Population of Fast Radio Bursts at Cosmological Distances}",
  journal = {Science},
archivePrefix = "arXiv",
   eprint = {1307.1628},
 primaryClass = "astro-ph.HE",
     year = 2013,
    month = jul,
   volume = 341,
    pages = {53-56},
      doi = {10.1126/science.1236789},
   adsurl = {http://adsabs.harvard.edu/abs/2013Sci...341...53T},
  adsnote = {Provided by the SAO/NASA Astrophysics Data System}
}

@ARTICLE{2013MNRAS.436L...5L,
   author = {{Lorimer}, D.~R. and {Karastergiou}, A. and {McLaughlin}, M.~A. and 
	{Johnston}, S.},
    title = "{On the detectability of extragalactic fast radio transients}",
  journal = {\mnras},
archivePrefix = "arXiv",
   eprint = {1307.1200},
 primaryClass = "astro-ph.HE",
 keywords = {scattering, intergalactic medium, cosmology: theory},
     year = 2013,
    month = nov,
   volume = 436,
    pages = {L5-L9},
      doi = {10.1093/mnrasl/slt098},
   adsurl = {http://adsabs.harvard.edu/abs/2013MNRAS.436L...5L},
  adsnote = {Provided by the SAO/NASA Astrophysics Data System}
}

@ARTICLE{2014ApJ...790..101S,
   author = {{Spitler}, L.~G. and {Cordes}, J.~M. and {Hessels}, J.~W.~T. and 
	{Lorimer}, D.~R. and {McLaughlin}, M.~A. and {Chatterjee}, S. and 
	{Crawford}, F. and {Deneva}, J.~S. and {Kaspi}, V.~M. and {Wharton}, R.~S. and 
	{Allen}, B. and {Bogdanov}, S. and {Brazier}, A. and {Camilo}, F. and 
	{Freire}, P.~C.~C. and {Jenet}, F.~A. and {Karako-Argaman}, C. and 
	{Knispel}, B. and {Lazarus}, P. and {Lee}, K.~J. and {van Leeuwen}, J. and 
	{Lynch}, R. and {Ransom}, S.~M. and {Scholz}, P. and {Siemens}, X. and 
	{Stairs}, I.~H. and {Stovall}, K. and {Swiggum}, J.~K. and {Venkataraman}, A. and 
	{Zhu}, W.~W. and {Aulbert}, C. and {Fehrmann}, H.},
    title = "{Fast Radio Burst Discovered in the Arecibo Pulsar ALFA Survey}",
  journal = {\apj},
archivePrefix = "arXiv",
   eprint = {1404.2934},
 primaryClass = "astro-ph.HE",
 keywords = {pulsars: general},
     year = 2014,
    month = aug,
   volume = 790,
      eid = {101},
    pages = {101},
      doi = {10.1088/0004-637X/790/2/101},
   adsurl = {http://adsabs.harvard.edu/abs/2015ApJ...790..101S},
  adsnote = {Provided by the SAO/NASA Astrophysics Data System}
}

@ARTICLE{2015MNRAS.451.3933P,
   author = {{Petroff}, E. and {Keane}, E.~F. and {Barr}, E.~D. and {Reynolds}, J.~E. and 
	{Sarkissian}, J. and {Edwards}, P.~G. and {Stevens}, J. and 
	{Brem}, C. and {Jameson}, A. and {Burke-Spolaor}, S. and {Johnston}, S. and 
	{Bhat}, N.~D.~R. and {Kudale}, P.~C.~S. and {Bhandari}, S.},
    title = "{Identifying the source of perytons at the Parkes radio telescope}",
  journal = {\mnras},
archivePrefix = "arXiv",
   eprint = {1504.02165},
 primaryClass = "astro-ph.IM",
 keywords = {methods: data analysis, site testing, surveys},
     year = 2015,
    month = aug,
   volume = 451,
    pages = {3933-3940},
      doi = {10.1093/mnras/stv1242},
   adsurl = {http://adsabs.harvard.edu/abs/2015MNRAS.451.3933P},
  adsnote = {Provided by the SAO/NASA Astrophysics Data System}
}

@ARTICLE{2015MNRAS.451.3278M,
   author = {{Macquart}, J.-P. and {Johnston}, S.},
    title = "{On the paucity of fast radio bursts at low Galactic latitudes}",
  journal = {\mnras},
archivePrefix = "arXiv",
   eprint = {1505.05893},
 primaryClass = "astro-ph.HE",
 keywords = {scattering, surveys, ISM: general},
     year = 2015,
    month = aug,
   volume = 451,
    pages = {3278-3286},
      doi = {10.1093/mnras/stv1184},
   adsurl = {http://adsabs.harvard.edu/abs/2015MNRAS.451.3278M},
  adsnote = {Provided by the SAO/NASA Astrophysics Data System}
}

@ARTICLE{2015MNRAS.452.1254K,
   author = {{Karastergiou}, A. and {Chennamangalam}, J. and {Armour}, W. and 
	{Williams}, C. and {Mort}, B. and {Dulwich}, F. and {Salvini}, S. and 
	{Magro}, A. and {Roberts}, S. and {Serylak}, M. and {Doo}, A. and 
	{Bilous}, A.~V. and {Breton}, R.~P. and {Falcke}, H. and {Grie{\ss}meier}, J.-M. and 
	{Hessels}, J.~W.~T. and {Keane}, E.~F. and {Kondratiev}, V.~I. and 
	{Kramer}, M. and {van Leeuwen}, J. and {Noutsos}, A. and {Os{\l}owski}, S. and 
	{Sobey}, C. and {Stappers}, B.~W. and {Weltevrede}, P.},
    title = "{Limits on fast radio bursts at 145 MHz with ARTEMIS, a real-time software backend}",
  journal = {\mnras},
archivePrefix = "arXiv",
   eprint = {1506.03370},
 primaryClass = "astro-ph.IM",
 keywords = {instrumentation: miscellaneous, pulsars: general},
     year = 2015,
    month = sep,
   volume = 452,
    pages = {1254-1262},
      doi = {10.1093/mnras/stv1306},
   adsurl = {http://adsabs.harvard.edu/abs/2015MNRAS.452.1254K},
  adsnote = {Provided by the SAO/NASA Astrophysics Data System}
}

@ARTICLE{2015MNRAS.447..246P,
   author = {{Petroff}, E. and {Bailes}, M. and {Barr}, E.~D. and {Barsdell}, B.~R. and 
	{Bhat}, N.~D.~R. and {Bian}, F. and {Burke-Spolaor}, S. and 
	{Caleb}, M. and {Champion}, D. and {Chandra}, P. and {Da Costa}, G. and 
	{Delvaux}, C. and {Flynn}, C. and {Gehrels}, N. and {Greiner}, J. and 
	{Jameson}, A. and {Johnston}, S. and {Kasliwal}, M.~M. and {Keane}, E.~F. and 
	{Keller}, S. and {Kocz}, J. and {Kramer}, M. and {Leloudas}, G. and 
	{Malesani}, D. and {Mulchaey}, J.~S. and {Ng}, C. and {Ofek}, E.~O. and 
	{Perley}, D.~A. and {Possenti}, A. and {Schmidt}, B.~P. and 
	{Shen}, Y. and {Stappers}, B. and {Tisserand}, P. and {van Straten}, W. and 
	{Wolf}, C.},
    title = "{A real-time fast radio burst: polarization detection and multiwavelength follow-up}",
  journal = {\mnras},
archivePrefix = "arXiv",
   eprint = {1412.0342},
 primaryClass = "astro-ph.HE",
 keywords = {polarization, radiation mechanisms: general, intergalactic medium, radio continuum: general},
     year = 2015,
    month = feb,
   volume = 447,
    pages = {246-255},
      doi = {10.1093/mnras/stu2419},
   adsurl = {http://adsabs.harvard.edu/abs/2015MNRAS.447..246P},
  adsnote = {Provided by the SAO/NASA Astrophysics Data System}
}

@ARTICLE{2015AJ....150..199T,
   author = {{Tingay}, S.~J. and {Trott}, C.~M. and {Wayth}, R.~B. and {Bernardi}, G. and 
	{Bowman}, J.~D. and {Briggs}, F. and {Cappallo}, R.~J. and {Deshpande}, A.~A. and 
	{Feng}, L. and {Gaensler}, B.~M. and {Greenhill}, L.~J. and 
	{Hancock}, P.~J. and {Hazelton}, B.~J. and {Johnston-Hollitt}, M. and 
	{Kaplan}, D.~L. and {Lonsdale}, C.~J. and {McWhirter}, S.~R. and 
	{Mitchell}, D.~A. and {Morales}, M.~F. and {Morgan}, E. and 
	{Murphy}, T. and {Oberoi}, D. and {Prabu}, T. and {Udaya Shankar}, N. and 
	{Srivani}, K.~S. and {Subrahmanyan}, R. and {Webster}, R.~L. and 
	{Williams}, A. and {Williams}, C.~L.},
    title = "{A Search for Fast Radio Bursts at Low Frequencies with Murchison Widefield Array High Time Resolution Imaging}",
  journal = {\aj},
archivePrefix = "arXiv",
   eprint = {1511.02985},
 keywords = {instrumentation: interferometers, ISM: structure, methods: observational, radio continuum: general, techniques: image processing},
     year = 2015,
    month = dec,
   volume = 150,
      eid = {199},
    pages = {199},
      doi = {10.1088/0004-6256/150/6/199},
   adsurl = {http://adsabs.harvard.edu/abs/2015AJ....150..199T},
  adsnote = {Provided by the SAO/NASA Astrophysics Data System}
}

@ARTICLE{2015Natur.528..523M,
   author = {{Masui}, K. and {Lin}, H.-H. and {Sievers}, J. and {Anderson}, C.~J. and 
	{Chang}, T.-C. and {Chen}, X. and {Ganguly}, A. and {Jarvis}, M. and 
	{Kuo}, C.-Y. and {Li}, Y.-C. and {Liao}, Y.-W. and {McLaughlin}, M. and 
	{Pen}, U.-L. and {Peterson}, J.~B. and {Roman}, A. and {Timbie}, P.~T. and 
	{Voytek}, T. and {Yadav}, J.~K.},
    title = "{Dense magnetized plasma associated with a fast radio burst}",
  journal = {\nat},
archivePrefix = "arXiv",
   eprint = {1512.00529},
 primaryClass = "astro-ph.HE",
     year = 2015,
    month = dec,
   volume = 528,
    pages = {523-525},
      doi = {10.1038/nature15769},
   adsurl = {http://adsabs.harvard.edu/abs/2015Natur.528..523M},
  adsnote = {Provided by the SAO/NASA Astrophysics Data System}
}

@ARTICLE{2016MNRAS.460L..30C,
   author = {{Champion}, D.~J. and {Petroff}, E. and {Kramer}, M. and {Keith}, M.~J. and 
	{Bailes}, M. and {Barr}, E.~D. and {Bates}, S.~D. and {Bhat}, N.~D.~R. and 
	{Burgay}, M. and {Burke-Spolaor}, S. and {Flynn}, C.~M.~L. and 
	{Jameson}, A. and {Johnston}, S. and {Ng}, C. and {Levin}, L. and 
	{Possenti}, A. and {Stappers}, B.~W. and {van Straten}, W. and 
	{Thornton}, D. and {Tiburzi}, C. and {Lyne}, A.~G.},
    title = "{Five new fast radio bursts from the HTRU high-latitude survey at Parkes: first evidence for two-component bursts}",
  journal = {\mnras},
archivePrefix = "arXiv",
   eprint = {1511.07746},
 primaryClass = "astro-ph.HE",
 keywords = {scattering, surveys, pulsars: general, intergalactic medium},
     year = 2016,
    month = jul,
   volume = 460,
    pages = {L30-L34},
      doi = {10.1093/mnrasl/slw069},
   adsurl = {http://adsabs.harvard.edu/abs/2016MNRAS.460L..30C},
  adsnote = {Provided by the SAO/NASA Astrophysics Data System}
}

@ARTICLE{2016PASA...33...45P,
   author = {{Petroff}, E. and {Barr}, E.~D. and {Jameson}, A. and {Keane}, E.~F. and 
	{Bailes}, M. and {Kramer}, M. and {Morello}, V. and {Tabbara}, D. and 
	{van Straten}, W.},
    title = "{FRBCAT: The Fast Radio Burst Catalogue}",
  journal = {\pasa},
archivePrefix = "arXiv",
   eprint = {1601.03547},
 primaryClass = "astro-ph.HE",
 keywords = {catalogs, methods: data analysis, telescopes},
     year = 2016,
    month = sep,
   volume = 33,
      eid = {e045},
    pages = {e045},
      doi = {10.1017/pasa.2016.35},
   adsurl = {http://adsabs.harvard.edu/abs/2016PASA...33...45P},
  adsnote = {Provided by the SAO/NASA Astrophysics Data System}
}

@ARTICLE{2016Natur.531..202S,
   author = {{Spitler}, L.~G. and {Scholz}, P. and {Hessels}, J.~W.~T. and 
	{Bogdanov}, S. and {Brazier}, A. and {Camilo}, F. and {Chatterjee}, S. and 
	{Cordes}, J.~M. and {Crawford}, F. and {Deneva}, J. and {Ferdman}, R.~D. and 
	{Freire}, P.~C.~C. and {Kaspi}, V.~M. and {Lazarus}, P. and 
	{Lynch}, R. and {Madsen}, E.~C. and {McLaughlin}, M.~A. and 
	{Patel}, C. and {Ransom}, S.~M. and {Seymour}, A. and {Stairs}, I.~H. and 
	{Stappers}, B.~W. and {van Leeuwen}, J. and {Zhu}, W.~W.},
    title = "{A repeating fast radio burst}",
  journal = {\nat},
archivePrefix = "arXiv",
   eprint = {1603.00581},
 primaryClass = "astro-ph.HE",
     year = 2016,
    month = mar,
   volume = 531,
    pages = {202-205},
      doi = {10.1038/nature17168},
   adsurl = {http://adsabs.harvard.edu/abs/2016Natur.531..202S},
  adsnote = {Provided by the SAO/NASA Astrophysics Data System}
}

@ARTICLE{2016ApJ...833..177S,
   author = {{Scholz}, P. and {Spitler}, L.~G. and {Hessels}, J.~W.~T. and 
	{Chatterjee}, S. and {Cordes}, J.~M. and {Kaspi}, V.~M. and 
	{Wharton}, R.~S. and {Bassa}, C.~G. and {Bogdanov}, S. and {Camilo}, F. and 
	{Crawford}, F. and {Deneva}, J. and {van Leeuwen}, J. and {Lynch}, R. and 
	{Madsen}, E.~C. and {McLaughlin}, M.~A. and {Mickaliger}, M. and 
	{Parent}, E. and {Patel}, C. and {Ransom}, S.~M. and {Seymour}, A. and 
	{Stairs}, I.~H. and {Stappers}, B.~W. and {Tendulkar}, S.~P.
	},
    title = "{The Repeating Fast Radio Burst FRB 121102: Multi-wavelength Observations and Additional Bursts}",
  journal = {\apj},
archivePrefix = "arXiv",
   eprint = {1603.08880},
 primaryClass = "astro-ph.HE",
 keywords = {pulsars: general, radio continuum: general, stars: neutron, X-rays: general},
     year = 2016,
    month = dec,
   volume = 833,
      eid = {177},
    pages = {177},
      doi = {10.3847/1538-4357/833/2/177},
   adsurl = {http://adsabs.harvard.edu/abs/2016ApJ...833..177S},
  adsnote = {Provided by the SAO/NASA Astrophysics Data System}
}

@techreport{ofcom2017,
    author    = "Ofcom",
    title     = "United Kingdom Frequency Allocation Table",
    institution = "Ofcom",
    number   = "18",
    year      = 2017,
    month    = jan,
}

@ARTICLE{2017ApJ...835...29Y,
   author = {{Yao}, J.~M. and {Manchester}, R.~N. and {Wang}, N.},
    title = "{A New Electron-density Model for Estimation of Pulsar and FRB Distances}",
  journal = {\apj},
archivePrefix = "arXiv",
   eprint = {1610.09448},
 keywords = {ISM: structure, pulsars: general, stars: distances},
     year = 2017,
    month = jan,
   volume = 835,
      eid = {29},
    pages = {29},
      doi = {10.3847/1538-4357/835/1/29},
   adsurl = {http://adsabs.harvard.edu/abs/2017ApJ...835...29Y},
  adsnote = {Provided by the SAO/NASA Astrophysics Data System}
}

@ARTICLE{2017ApJS..228...21C,
   author = {{Chennamangalam}, J. and {MacMahon}, D. and {Cobb}, J. and {Karastergiou}, A. and 
	{Siemion}, A.~P.~V. and {Rajwade}, K. and {Armour}, W. and {Gajjar}, V. and 
	{Lorimer}, D.~R. and {McLaughlin}, M.~A. and {Werthimer}, D. and 
	{Williams}, C.},
    title = "{SETIBURST: A Robotic, Commensal, Realtime Multi-science Backend for the Arecibo Telescope}",
  journal = {\apjs},
archivePrefix = "arXiv",
   eprint = {1701.04538},
 primaryClass = "astro-ph.IM",
 keywords = {extraterrestrial intelligence, instrumentation: miscellaneous, pulsars: general},
     year = 2017,
    month = feb,
   volume = 228,
      eid = {21},
    pages = {21},
      doi = {10.3847/1538-4365/228/2/21},
   adsurl = {http://adsabs.harvard.edu/abs/2017ApJS..228...21C},
  adsnote = {Provided by the SAO/NASA Astrophysics Data System}
}

@ARTICLE{2017ApJ...834L...8M,
   author = {{Marcote}, B. and {Paragi}, Z. and {Hessels}, J.~W.~T. and {Keimpema}, A. and 
	{van Langevelde}, H.~J. and {Huang}, Y. and {Bassa}, C.~G. and 
	{Bogdanov}, S. and {Bower}, G.~C. and {Burke-Spolaor}, S. and 
	{Butler}, B.~J. and {Campbell}, R.~M. and {Chatterjee}, S. and 
	{Cordes}, J.~M. and {Demorest}, P. and {Garrett}, M.~A. and 
	{Ghosh}, T. and {Kaspi}, V.~M. and {Law}, C.~J. and {Lazio}, T.~J.~W. and 
	{McLaughlin}, M.~A. and {Ransom}, S.~M. and {Salter}, C.~J. and 
	{Scholz}, P. and {Seymour}, A. and {Siemion}, A. and {Spitler}, L.~G. and 
	{Tendulkar}, S.~P. and {Wharton}, R.~S.},
    title = "{The Repeating Fast Radio Burst FRB 121102 as Seen on Milliarcsecond Angular Scales}",
  journal = {\apjl},
archivePrefix = "arXiv",
   eprint = {1701.01099},
 primaryClass = "astro-ph.HE",
 keywords = {radiation mechanisms: non-thermal, radio continuum: galaxies, techniques: high angular resolution },
     year = 2017,
    month = jan,
   volume = 834,
      eid = {L8},
    pages = {L8},
      doi = {10.3847/2041-8213/834/2/L8},
   adsurl = {http://adsabs.harvard.edu/abs/2017ApJ...834L...8M},
  adsnote = {Provided by the SAO/NASA Astrophysics Data System}
}

@ARTICLE{2017ApJ...842...35C,
   author = {{Cordes}, J.~M. and {Wasserman}, I. and {Hessels}, J.~W.~T. and 
	{Lazio}, T.~J.~W. and {Chatterjee}, S. and {Wharton}, R.~S.},
    title = "{Lensing of Fast Radio Bursts by Plasma Structures in Host Galaxies}",
  journal = {\apj},
archivePrefix = "arXiv",
   eprint = {1703.06580},
 primaryClass = "astro-ph.HE",
 keywords = {galaxies: distances and redshifts, galaxies: ISM, scattering, stars: individual: FRB 121102, stars: magnetars, stars: neutron},
     year = 2017,
    month = jun,
   volume = 842,
      eid = {35},
    pages = {35},
      doi = {10.3847/1538-4357/aa74da},
   adsurl = {http://adsabs.harvard.edu/abs/2017ApJ...842...35C},
  adsnote = {Provided by the SAO/NASA Astrophysics Data System}
}

@ARTICLE{2017ApJ...834L...7T,
   author = {{Tendulkar}, S.~P. and {Bassa}, C.~G. and {Cordes}, J.~M. and 
	{Bower}, G.~C. and {Law}, C.~J. and {Chatterjee}, S. and {Adams}, E.~A.~K. and 
	{Bogdanov}, S. and {Burke-Spolaor}, S. and {Butler}, B.~J. and 
	{Demorest}, P. and {Hessels}, J.~W.~T. and {Kaspi}, V.~M. and 
	{Lazio}, T.~J.~W. and {Maddox}, N. and {Marcote}, B. and {McLaughlin}, M.~A. and 
	{Paragi}, Z. and {Ransom}, S.~M. and {Scholz}, P. and {Seymour}, A. and 
	{Spitler}, L.~G. and {van Langevelde}, H.~J. and {Wharton}, R.~S.
	},
    title = "{The Host Galaxy and Redshift of the Repeating Fast Radio Burst FRB 121102}",
  journal = {\apjl},
archivePrefix = "arXiv",
   eprint = {1701.01100},
 primaryClass = "astro-ph.HE",
 keywords = {galaxies: distances and redshifts, galaxies: dwarf, galaxies: ISM, stars: magnetars, stars: neutron},
     year = 2017,
    month = jan,
   volume = 834,
      eid = {L7},
    pages = {L7},
      doi = {10.3847/2041-8213/834/2/L7},
   adsurl = {http://adsabs.harvard.edu/abs/2017ApJ...834L...7T},
  adsnote = {Provided by the SAO/NASA Astrophysics Data System}
}

@ARTICLE{2017Natur.541...58C,
   author = {{Chatterjee}, S. and {Law}, C.~J. and {Wharton}, R.~S. and {Burke-Spolaor}, S. and 
	{Hessels}, J.~W.~T. and {Bower}, G.~C. and {Cordes}, J.~M. and 
	{Tendulkar}, S.~P. and {Bassa}, C.~G. and {Demorest}, P. and 
	{Butler}, B.~J. and {Seymour}, A. and {Scholz}, P. and {Abruzzo}, M.~W. and 
	{Bogdanov}, S. and {Kaspi}, V.~M. and {Keimpema}, A. and {Lazio}, T.~J.~W. and 
	{Marcote}, B. and {McLaughlin}, M.~A. and {Paragi}, Z. and {Ransom}, S.~M. and 
	{Rupen}, M. and {Spitler}, L.~G. and {van Langevelde}, H.~J.
	},
    title = "{A direct localization of a fast radio burst and its host}",
  journal = {\nat},
archivePrefix = "arXiv",
   eprint = {1701.01098},
 primaryClass = "astro-ph.HE",
     year = 2017,
    month = jan,
   volume = 541,
    pages = {58-61},
      doi = {10.1038/nature20797},
   adsurl = {http://adsabs.harvard.edu/abs/2017Natur.541...58C},
  adsnote = {Provided by the SAO/NASA Astrophysics Data System}
}

@ARTICLE{2017arXiv170107457C,
   author = {{Chawla}, P. and {Kaspi}, V.~M. and {Josephy}, A. and {Rajwade}, K.~M. and 
	{Lorimer}, D.~R. and {Archibald}, A.~M. and {DeCesar}, M.~E. and 
	{Hessels}, J.~W.~T. and {Kaplan}, D.~L. and {Karako-Argaman}, C. and 
	{Kondratiev}, V.~I. and {Levin}, L. and {Lynch}, R.~S. and {McLaughlin}, M.~A. and 
	{Ransom}, S.~M. and {Roberts}, M.~S.~E. and {Stairs}, I.~H. and 
	{Stovall}, K. and {Swiggum}, J.~K. and {van Leeuwen}, J.},
    title = "{A Search for Fast Radio Bursts with the GBNCC Pulsar Survey}",
  journal = {ArXiv e-prints},
archivePrefix = "arXiv",
   eprint = {1701.07457},
 primaryClass = "astro-ph.HE",
 keywords = {Astrophysics - High Energy Astrophysical Phenomena},
     year = 2017,
    month = jan,
   adsurl = {http://adsabs.harvard.edu/abs/2017arXiv170107457C},
  adsnote = {Provided by the SAO/NASA Astrophysics Data System}
}

@ARTICLE{2017ApJ...841L..12B,
   author = {{Bannister}, K.~W. and {Shannon}, R.~M. and {Macquart}, J.-P. and 
	{Flynn}, C. and {Edwards}, P.~G. and {O{\rsquo}Neill}, M. and 
	{Os{\l}owski}, S. and {Bailes}, M. and {Zackay}, B. and {Clarke}, N. and 
	{D{\rsquo}Addario}, L.~R. and {Dodson}, R. and {Hall}, P.~J. and 
	{Jameson}, A. and {Jones}, D. and {Navarro}, R. and {Trinh}, J.~T. and 
	{Allison}, J. and {Anderson}, C.~S. and {Bell}, M. and {Chippendale}, A.~P. and 
	{Collier}, J.~D. and {Heald}, G. and {Heywood}, I. and {Hotan}, A.~W. and 
	{Lee-Waddell}, K. and {Madrid}, J.~P. and {Marvil}, J. and {McConnell}, D. and 
	{Popping}, A. and {Voronkov}, M.~A. and {Whiting}, M.~T. and 
	{Allen}, G.~R. and {Bock}, D.~C.-J. and {Brodrick}, D.~P. and 
	{Cooray}, F. and {DeBoer}, D.~R. and {Diamond}, P.~J. and {Ekers}, R. and 
	{Gough}, R.~G. and {Hampson}, G.~A. and {Harvey-Smith}, L. and 
	{Hay}, S.~G. and {Hayman}, D.~B. and {Jackson}, C.~A. and {Johnston}, S. and 
	{Koribalski}, B.~S. and {McClure-Griffiths}, N.~M. and {Mirtschin}, P. and 
	{Ng}, A. and {Norris}, R.~P. and {Pearce}, S.~E. and {Phillips}, C.~J. and 
	{Roxby}, D.~N. and {Troup}, E.~R. and {Westmeier}, T.},
    title = "{The Detection of an Extremely Bright Fast Radio Burst in a Phased Array Feed Survey}",
  journal = {\apjl},
archivePrefix = "arXiv",
   eprint = {1705.07581},
 primaryClass = "astro-ph.HE",
 keywords = {instrumentation: interferometers, methods: data analysis, radiation mechanisms: non-thermal, surveys },
     year = 2017,
    month = may,
   volume = 841,
      eid = {L12},
    pages = {L12},
      doi = {10.3847/2041-8213/aa71ff},
   adsurl = {http://adsabs.harvard.edu/abs/2017ApJ...841L..12B},
  adsnote = {Provided by the SAO/NASA Astrophysics Data System}
}

@ARTICLE{2017arXiv170507553L,
   author = {{Law}, C.~J. and {Abruzzo}, M.~W. and {Bassa}, C.~G. and {Bower}, G.~C. and 
	{Burke-Spolaor}, S. and {Butler}, B.~J. and {Cantwell}, T. and 
	{Carey}, S.~H. and {Chatterjee}, S. and {Cordes}, J.~M. and 
	{Demorest}, P. and {Dowell}, J. and {Fender}, R. and {Gourdji}, K. and 
	{Grainge}, K. and {Hessels}, J.~W.~T. and {Hickish}, J. and 
	{Kaspi}, V.~M. and {Lazio}, T.~J.~W. and {McLaughlin}, M.~A. and 
	{Michilli}, D. and {Mooley}, K. and {Perrott}, Y.~C. and {Ransom}, S.~M. and 
	{Razavi-Ghods}, N. and {Rupen}, M. and {Scaife}, A. and {Scott}, P. and 
	{Scholz}, P. and {Seymour}, A. and {Spitler}, L.~G. and {Stovall}, K. and 
	{Tendulkar}, S.~P. and {Titterington}, D. and {Wharton}, R.~S. and 
	{Williams}, P.~K.~G.},
    title = "{A Multi-telescope Campaign on FRB 121102: Implications for the FRB Population}",
  journal = {ArXiv e-prints},
archivePrefix = "arXiv",
   eprint = {1705.07553},
 primaryClass = "astro-ph.HE",
 keywords = {Astrophysics - High Energy Astrophysical Phenomena},
     year = 2017,
    month = may,
   adsurl = {http://adsabs.harvard.edu/abs/2017arXiv170507553L},
  adsnote = {Provided by the SAO/NASA Astrophysics Data System}
}

@ARTICLE{2017MNRAS.468.3746C,
   author = {{Caleb}, M. and {Flynn}, C. and {Bailes}, M. and {Barr}, E.~D. and 
	{Bateman}, T. and {Bhandari}, S. and {Campbell-Wilson}, D. and 
	{Farah}, W. and {Green}, A.~J. and {Hunstead}, R.~W. and {Jameson}, A. and 
	{Jankowski}, F. and {Keane}, E.~F. and {Parthasarathy}, A. and 
	{Ravi}, V. and {Rosado}, P.~A. and {van Straten}, W. and {Venkatraman Krishnan}, V.
	},
    title = "{The first interferometric detections of fast radio bursts}",
  journal = {\mnras},
archivePrefix = "arXiv",
   eprint = {1703.10173},
 primaryClass = "astro-ph.HE",
 keywords = {instrumentation: interferometers, methods: data analysis, surveys, intergalactic medium, radio continuum},
     year = 2017,
    month = jul,
   volume = 468,
    pages = {3746-3756},
      doi = {10.1093/mnras/stx638},
   adsurl = {http://adsabs.harvard.edu/abs/2017MNRAS.468.3746C},
  adsnote = {Provided by the SAO/NASA Astrophysics Data System}
}

@misc{atel10693,
    author    = "L. C. Oostrum and J. van Leeuwen and J. Attema and W. van
    Cappellen and L. Connor and B. Hut and Y. Maan and T. A. Oosterloo and E. Petroff
    and D. van der Schuur and A. Sclocco and and M. A. W. Verheijen",
    title     = "Detection of a bright burst from FRB 121102 with Apertif at the Westerbork Synthesis Radio Telescope",
    howpublished = "ATel 10693",
    year     = "2017",
    month    = "September",
    note     = "http://www.astronomerstelegram.org/?read=10693",
}

@misc{atel10675,
    author    = "Vishal Gajjar and Andrew P. V. Siemion and David H. E. MacMahon and Steve Croft and Gregory Hellbourg and Howard Isaacson and J. Emilio Enriquez and Danny C. Price and Matthew Lebofsky and David DeBoer and Dan Werthimer and Jack Hickish and Casey Brinkman and Shami Chatterjee and Scott Ransom",
    title     = "FRB 121102: Detection at 4 - 8 GHz band with Breakthrough Listen backend at Green Bank",
    howpublished = "ATel 10675",
    year     = "2017",
    month    = "August",
    note     = "http://www.astronomerstelegram.org/?read=10675",
}

@ARTICLE{2017arXiv171008155P,
   author = {{Petroff}, E. and {Houben}, L. and {Bannister}, K. and {Burke-Spolaor}, S. and 
	{Cordes}, J. and {Falcke}, H. and {van Haren}, R. and {Karastergiou}, A. and 
	{Kramer}, M. and {Law}, C. and {van Leeuwen}, J. and {Lorimer}, D. and 
	{Martinez-Rubi}, O. and {Rachen}, J. and {Spitler}, L. and {Weltman}, A.
	},
    title = "{VOEvent Standard for Fast Radio Bursts}",
  journal = {ArXiv e-prints},
archivePrefix = "arXiv",
   eprint = {1710.08155},
 primaryClass = "astro-ph.IM",
 keywords = {Astrophysics - Instrumentation and Methods for Astrophysics},
     year = 2017,
    month = oct,
   adsurl = {http://adsabs.harvard.edu/abs/2017arXiv171008155P},
  adsnote = {Provided by the SAO/NASA Astrophysics Data System}
}

@ARTICLE{2018MNRAS.474.3847F,
   author = {{Foster}, G. and {Karastergiou}, A. and {Golpayegani}, G. and 
	{Surnis}, M. and {Lorimer}, D.~R. and {Chennamangalam}, J. and 
	{McLaughlin}, M. and {Armour}, W. and {Cobb}, J. and {MacMahon}, D.~H.~E. and 
	{Pei}, X. and {Rajwade}, K. and {Siemion}, A.~P.~V. and {Werthimer}, D. and 
	{Williams}, C.~J.},
    title = "{ALFABURST: a commensal search for fast radio bursts with Arecibo}",
  journal = {\mnras},
archivePrefix = "arXiv",
   eprint = {1710.10806},
 primaryClass = "astro-ph.IM",
 keywords = {methods: observational, radio continuum: transients},
     year = 2018,
    month = mar,
   volume = 474,
    pages = {3847-3856},
      doi = {10.1093/mnras/stx3038},
   adsurl = {http://adsabs.harvard.edu/abs/2018MNRAS.474.3847F},
  adsnote = {Provided by the SAO/NASA Astrophysics Data System}
}

@ARTICLE{2018Natur.553..182M,
   author = {{Michilli}, D. and {Seymour}, A. and {Hessels}, J.~W.~T. and 
	{Spitler}, L.~G. and {Gajjar}, V. and {Archibald}, A.~M. and 
	{Bower}, G.~C. and {Chatterjee}, S. and {Cordes}, J.~M. and 
	{Gourdji}, K. and {Heald}, G.~H. and {Kaspi}, V.~M. and {Law}, C.~J. and 
	{Sobey}, C. and {Adams}, E.~A.~K. and {Bassa}, C.~G. and {Bogdanov}, S. and 
	{Brinkman}, C. and {Demorest}, P. and {Fernandez}, F. and {Hellbourg}, G. and 
	{Lazio}, T.~J.~W. and {Lynch}, R.~S. and {Maddox}, N. and {Marcote}, B. and 
	{McLaughlin}, M.~A. and {Paragi}, Z. and {Ransom}, S.~M. and 
	{Scholz}, P. and {Siemion}, A.~P.~V. and {Tendulkar}, S.~P. and 
	{van Rooy}, P. and {Wharton}, R.~S. and {Whitlow}, D.},
    title = "{An extreme magneto-ionic environment associated with the fast radio burst source FRB 121102}",
  journal = {\nat},
archivePrefix = "arXiv",
   eprint = {1801.03965},
 primaryClass = "astro-ph.HE",
     year = 2018,
    month = jan,
   volume = 553,
    pages = {182-185},
      doi = {10.1038/nature25149},
   adsurl = {http://adsabs.harvard.edu/abs/2018Natur.553..182M},
  adsnote = {Provided by the SAO/NASA Astrophysics Data System}
}

@misc{atel11376,
    author    = " Danny C. Price and Vishal Gajjar and Aman Dhar and Evan F. Keane and Andrew Jameson and Andrew P. V. Siemion and David H. E. MacMahon and Steve Croft and Gregory Hellbourg and Howard Isaacson and J. Emilio Enriquez and  Matthew Lebofsky and David DeBoer and Dan Werthimer and SUPERB Collaboration",
    title     = "Detection of a new fast radio burst during Breakthrough Listen observations",
    howpublished = "ATel 11376",
    year     = "2018",
    month    = "March",
    note     = "http://www.astronomerstelegram.org/?read=11376",
}

@article{Williamson1972,
	Author = {{Williamson}, I.~P.},
	Journal = mnras,
	Pages = {55},
	Title = {Pulse broadening due to multiple scattering in the interstellar medium},
	Volume = {157},
	Year = {1972}}

@article{Rickett1977,
	Adsnote = {Provided by the SAO/NASA Astrophysics Data System},
	Adsurl = {http://adsabs.harvard.edu/abs/1977ARA%26A..15..479R},
	Author = {{Rickett}, B.~J.},
	Date-Added = {2015-06-30 11:45:44 +0000},
	Date-Modified = {2015-06-30 12:41:16 +0000},
	Doi = {10.1146/annurev.aa.15.090177.002403},
	Journal = araa,
	Keywords = {Interstellar Extinction, Pulsars, Radio Astronomy, Radio Scattering, Scintillation, Astronomical Models, Extragalactic Radio Sources, Interstellar Matter, Plane Waves, Point Sources, Pulse Duration, Radio Interferometers, Stellar Spectra, Time Dependence},
	Pages = {479-504},
	Title = {{Interstellar scattering and scintillation of radio waves}},
	Volume = 15,
	Year = 1977,
	Bdsk-Url-1 = {http://dx.doi.org/10.1146/annurev.aa.15.090177.002403}}

@ARTICLE{2018arXiv180305697F,
   author = {{Farah}, W. and {Flynn}, C. and {Bailes}, M. and {Jameson}, A. and 
	{Bannister}, K.~W. and {Barr}, E.~D. and {Bateman}, T. and {Bhandari}, S. and 
	{Caleb}, M. and {Campbell-Wilson}, D. and {Chang}, S.-W. and 
	{Deller}, A. and {Green}, A.~J. and {Hunstead}, R. and {Jankowski}, F. and 
	{Keane}, E. and {Macquart}, J.-P. and {M{\"o}ller}, A. and {Onken}, C.~A. and 
	{Os{\l}owski}, S. and {Parthasarathy}, A. and {Ravi}, V. and 
	{Shannon}, R. and {Tucker}, B.~E. and {Venkatraman Krishnan}, V. and 
	{Wolf}, C.},
    title = "{FRB microstructure revealed by the real-time detection of FRB170827}",
  journal = {ArXiv e-prints},
archivePrefix = "arXiv",
   eprint = {1803.05697},
 primaryClass = "astro-ph.HE",
 keywords = {Astrophysics - High Energy Astrophysical Phenomena},
     year = 2018,
    month = mar,
   adsurl = {http://adsabs.harvard.edu/abs/2018arXiv180305697F},
  adsnote = {Provided by the SAO/NASA Astrophysics Data System}
}
